@online{facilitateclients,
	url = {https://techrepublic.com/blog/it-consultant/follow-these-rules-to-successfully-facilitate-clients-meetings/},
	author = {Rick Freedman},
	year  = 2010,
	addendum = "(accessed: 01/12/2020)",
	title = {Follow these rules to successfully facilitate clients' meetings}
}

@online{historyofconsultancy,
	url = {https://wiki.consultingquest.com/the-8-defining-stages-in-the-history-of-consulting},
	author = {Hélène Laffitte},
	year  = 2019,
	addendum = "(accessed: 04/12/2020)",
	title = {The 8 Defining Stages in the History of Consulting}
}

@online{historyofspeechrecognition,
	url = {https://medium.com/swlh/the-past-present-and-future-of-speech-recognition-technology-cf13c179aaf},
	author = {Clark Boyd},
	year  = 2018,
	addendum = "(accessed: 05/12/2020)",
	title = {Speech Recognition Technology: The Past, Present, and Future.}
}

@online{googlespeechrecognition,
	url = {https://medium.com/@sutherlandjamie/a-short-history-of-speech-recognition-9b8e78ad086a},
	author = {Jamie Sutherland},
	year  = 2017,
	addendum = "(accessed: 05/12/2020)",
	title = {A short history of speech recognition.}
}

@online{alexastats,
	url = {https://seekingalpha.com/instablog/3009741-msu-eli-broad-student-research/4976301-amazon-s-echo-shows-promise-for-future-growth},
	author = {Madison McKinley},
	year  = 2017,
	addendum = "(accessed: 06/12/2020)",
	title = {Amazon’s Echo Shows Promise For Future Growth.}
}

@online{amazonrules,
	url = {https://statista.com/chart/16068/most-popular-smart-speakers-in-the-us},
	author = {Felix Richter},
	year  = 2018,
	addendum = "(accessed: 06/12/2020)",
	title = {Amazon's Alexa Rules American Smart Homes}
}

@inproceedings{talktraces,
author = {Chandrasegaran, Senthil and Bryan, Chris and Shidara, Hidekazu and Chuang, Tung-Yen and Ma, Kwan-Liu},
title = {TalkTraces: Real-Time Capture and Visualization of Verbal Content in Meetings},
year = {2019},
isbn = {9781450359702},
publisher = {Association for Computing Machinery},
address = {New York, NY, USA},
doi = {10.1145/3290605.3300807},
booktitle = {Proceedings of the 2019 CHI Conference on Human Factors in Computing Systems},
location = {Glasgow, Scotland Uk},
series = {CHI '19}
}

@article{interactions,
title={A Multimodal Real-Time Feedback Platform Based on Spoken Interactions for Remote Active Learning Support},
volume={20},
ISSN={1424-8220},
DOI={10.3390/s20216337},
number={21},
journal={Sensors},
publisher={MDPI AG},
author={Cornide-Reyes, Hector and Riquelme, Fabián and Monsalves, Diego and Noel, Rene and Cechinel, Cristian and Villarroel, Rodolfo and Ponce, Francisco and Munoz, Roberto},
year={2020},
month={11}, 
pages={6337}
}

@online{googleyt,
	url = {https://youtu.be/jOYzvq5dBrQ},
	author = {Google Cloud Platform},
	year  = 2018,
	title = {Recognize Speech like Google does: Cloud Speech-to-Text Advanced Features (Cloud Next '18)}
}

@online{webspeechapidocs,
	url = {https://developer.mozilla.org/en-US/docs/Web/API/Web_Speech_API},
	author = {MDN contributors},
	year  = 2020,
	title = {Web Speech API}
}

@online{table1,
	url = {https://armedia.com/blog/transcription-services-aws-google-ibm-nuance},
	author = {James Bailey},
	year  = 2019,
	addendum = "(accessed: 06/12/2020)",
	title = {AI-Powered Transcription Services Showdown: AWS vs. Google vs. IBM Watson vs. Nuance}
}

@online{googledocs,
	url = {https://cloud.google.com/speech-to-text},
	author = {Google},
	addendum = "(accessed: 06/12/2020)",
	title = {Speech-to-Text Documentation}
}

@misc{troubleshooter,
    title={Troubleshooter},
    year= {1990},
    note = {BBC Television}
}

@misc{troubleshooter2,
    title={Troubleshooter - Back in Business},
    year= {2000},
    note = {BBC Television}
}

@online{webspeechapidocs2,
	url = {https://wiki.mozilla.org/Web_Speech_API_-_Speech_Recognition},
	author = {MozillaWiki},
	addendum = "(accessed: 20/12/2020)",
	title = {Web Speech API - Speech Recognition}
}

@article{reviewofspeechrecognitiontechnique,
author = {Santosh, K.Gaikwad and Bharti, W.Gawali and Yannawar, Pravin},
year = {2010},
month = {11},
pages = {},
title = {A Review on Speech Recognition Technique},
volume = {10},
journal = {International Journal of Computer Applications},
doi = {10.5120/1462-1976}
}

@online{dragoncar,
	url = {https://globalme.net/blog/the-present-future-of-speech-recognition},
	author = {Naomi van der Velde},
	year  = 2019,
	addendum = "(accessed: 20/12/2020)",
	title = {Speech Recognition Technology Overview}
}

@online{wererrors,
	url = {https://docs.microsoft.com/en-us/azure/cognitive-services/speech-service/how-to-custom-speech-evaluate-data},
	author = {Microsoft Docs},
	year  = 2020,
	addendum = "(accessed: 21/12/2020)",
	title = {Evaluate and improve Custom Speech accuracy}
}

@online{wertest,
	url = {https://medium.com/descript/which-automatic-transcription-service-is-the-most-accurate-2018-2e859b23ed19},
	author = {Jason Kincaid},
	year  = 2018,
	addendum = "(accessed: 21/12/2020)",
	title = {Which Automatic Transcription Service is the Most Accurate? — 2018}
}

@online{twittersentiment,
  author = {Dr. Christopher G. Healey, Siddarth Shankar Ramaswamy},
  title = {sentiment viz - Tweet Sentiment Visualization},
  url = {https://www.csc2.ncsu.edu/faculty/healey/tweet_viz/},
  addendum = "(accessed: 23/12/2020)"
}

@book{shankar2011visualization,
  title={Visualization of the Sentiment of the Tweets},
  author={Shankar, R.S.},
  url={https://books.google.co.uk/books?id=KJYjtwAACAAJ},
  year={2011},
  publisher={North Carolina State University}
}

@techreport{bradley1999affective,
  title={Affective norms for English words (ANEW): Instruction manual and affective ratings},
  author={Bradley, Margaret M and Lang, Peter J},
  year={1999},
  institution={Technical report C-1, the center for research in psychophysiology~…}
}

@online{badchart,
	url = {https://analythical.com/blog/examples-of-awful-data-visualization},
	author = {Stephen Tracy},
	year  = 2019,
	addendum = "(accessed: 27/12/2020)",
	title = {5 Examples of Awful Data Visualization}
}

@online{goodchart,
	url = {https://blog.hubspot.com/marketing/great-data-visualization-examples},
	author = {Ross Crooks},
	year  = 2020,
	addendum = "(accessed: 27/12/2020)",
	title = {The Power of Data Visualization Plus Examples of Good and Bad Visuals}
}

@inproceedings{sankey,
author = {Barbu, Catalin-Mihai and Ziegler, Jürgen},
year = {2018},
month = {10},
pages = {},
title = {Designing Interactive Visualizations of Personalized Review Data for a Hotel Recommender System}
}

@online{powerbi,
	url = {https://community.powerbi.com/t5/Community-Blog/Sentiment-Analysis-in-Power-BI/ba-p/55898},
	author = {DataChant},
	year  = 2016,
	addendum = "(accessed: 27/12/2020)",
	title = {Sentiment Analysis in Power BI}
}

@online{sentimentapis,
	url = {https://www.deducive.com/blog/2018/6/02/using-r-for-sentiment-analysis-with-aws-comprehend-google-cloud-natural-language-ibm-watson},
	author = {R Studio},
	year  = 2018,
	addendum = "(accessed: 28/12/2020)",
	title = {Sentiment Analysis in the Cloud with Google Cloud Natural Language, AWS Comprehend \& IBM Watson}
}

@online{sentiment,
	url = {https://getthematic.com/insights/sentiment-analysis},
	author = {Rob Dumbleton},
	year  = 2020,
	addendum = "(accessed: 06/01/2021)",
	title = {Complete Guide to Sentiment Analysis: Updated 2020}
}

@online{monkey,
	url = {https://monkeylearn.com/sentiment-analysis},
	author = {MonkeyLearn},
	year  = 2020,
	addendum = "(accessed: 06/01/2021)",
	title = {What Is Sentiment Analysis}
}

@misc{wer,
  author = {Shuze Zhou},
  title = {WER-in-python},
  year = {2020},
  publisher = {GitHub},
  journal = {GitHub repository},
  howpublished = {\url{https://github.com/zszyellow/WER-in-python}},
  commit = {acefbfc6c566022cfcbd6af9f0acdcadefeacd95}
}
